
@article{cornut2011accurate,
	author = {Cornut, Renaud and Bhasin, Amit and Lhenry, S\'{e}bastien and Etienne, Mathieu and Lefrou, Christine},
	title = {Accurate and Simplified Consideration of the Probe Geometrical Defaults in Scanning Electrochemical Microscopy: {Theoretical} and Experimental Investigations},
	journal = {Analytical Chemistry},
	volume = {83},
	number = {24},
	pages = {9669-9675},
	DOI = {10.1021/ac2026018},
	year = {2011},
	type = {Journal Article}
}

@article{cornut2009enzyme,
  title={ {Enzyme-mediator kinetics studies with SECM: Numerical results and procedures to determine kinetics constants} },
  author={Cornut, Renaud and Hapiot, Philippe and Lefrou, Christine},
  journal={Journal of Electroanalytical Chemistry},
  volume={633},
  number={1},
  pages={221--227},
  year={2009},
  publisher={Elsevier}
}

@article{van1993diffusion,
  title={Diffusion coefficients of oxygen, hydrogen peroxide and glucose in a hydrogel},
  author={van Stroe-Biezen, S. A. M. and Everaerts, F. M. and Janssen, L. J. J. and Tacken, R. A.},
  journal={Analytica Chimica Acta},
  volume={273},
  number={1-2},
  pages={553--560},
  year={1993},
  publisher={Elsevier}
}

@article{tjell2018diffusion,
  title={Diffusion rate of hydrogen peroxide through water-swelled polyurethane membranes},
  author={Tjell, Anders O and Almdal, Kristoffer},
  journal={Sensing and bio-sensing research},
  volume={21},
  pages={35--39},
  year={2018},
  publisher={Elsevier}
}

@book{stein2014channels,
  title={Channels, carriers, and pumps: an introduction to membrane transport},
  author={Stein, Wilfred D and Litman, Thomas},
  year={2014},
  publisher={Elsevier}
}

%Necituojamas
@article{ribeiro2006binary,
  title={Binary mutual diffusion coefficients of aqueous solutions of sucrose, lactose, glucose, and fructose in the temperature range from (298.15 to 328.15) K},
  author={Ribeiro, Ana CF and Ortona, Ornella and Simoes, Susana MN and Santos, Cecilia IAV and Prazeres, Pedro MRA and Valente, Artur JM and Lobo, Victor MM and Burrows, Hugh D},
  journal={Journal of Chemical \& Engineering Data},
  volume={51},
  number={5},
  pages={1836--1840},
  year={2006},
  publisher={ACS Publications}
}

@article{deshmukh2004microreactor,
  title={Microreactor modeling for hydrogen production from ammonia decomposition on ruthenium},
  author={Deshmukh, S. R. and Mhadeshwar, A. B. and Vlachos, D. G.},
  journal={Industrial \& Engineering Chemistry Research},
  volume={43},
  number={12},
  pages={2986--2999},
  year={2004},
  publisher={ACS Publications}
}

@article{kaisare2005hydrogen,
  title={Hydrogen generation in a reverse-flow microreactor: 1. {Model} formulation and scaling},
  author={Kaisare, Niket S and Lee, Jay H and Fedorov, Andrei G},
  journal={AIChE Journal},
  volume={51},
  number={8},
  pages={2254--2264},
  year={2005},
  publisher={Wiley Online Library}
}

%author={Jovanovic, Goran N and Znidarsic Plazl, Polona and Sakrittichai, Ploenpun and Al-Khaldi, Khaled},
@article{jovanovic2005dechlorination,
  title={Dechlorination of p-chlorophenol in a microreactor with bimetallic {Pd/Fe} catalyst},
  author={Jovanovic, Goran N and \v{Z}nidar\v{s}i\v{c} Plazl, Polona and Sakrittichai, Ploenpun and Al-Khaldi, Khaled},
  journal={Industrial \& Engineering Chemistry Research},
  volume={44},
  number={14},
  pages={5099--5106},
  year={2005},
  publisher={ACS Publications}
}

%author={Tisma, Marina and Zelic, Bruno and Vasic-Racki, Durda and Znidarsic-Plazl, Polona and Plazl, Igor},
@article{tivsma2009modelling,
  title={Modelling of laccase-catalyzed {L-DOPA} oxidation in a microreactor},
  author={Ti\v{s}ma, Marina and Zeli\'{c}, Bruno and Vasi\'{c}-Ra\v{c}ki, Durda and \v{Z}nidar\v{s}i\v{c} Plazl, Polona and Plazl, Igor},
  journal={Chemical Engineering Journal},
  volume={149},
  number={1-3},
  pages={383--388},
  year={2009},
  publisher={Elsevier}
}

@article{unwin1991scanning,
  title={Scanning electrochemical microscopy. 9. {Theory} and application of the feedback mode to the measurement of following chemical reaction rates in electrode processes},
  author={Unwin, Patrick R. and Bard, Allen J.},
  journal={The Journal of Physical Chemistry},
  volume={95},
  number={20},
  pages={7814--7824},
  year={1991},
  publisher={ACS Publications}
}

@book{samarskii2001theory,
  title={The theory of difference schemes},
  author={Samarskii, Alexander A.},
  volume={240},
  year={2001},
  publisher={CRC Press}
}

@book{quarteroni2010numerical,
  title={Numerical mathematics},
  author={Quarteroni, Alfio and Sacco, Riccardo and Saleri, Fausto},
  volume={37},
  year={2010},
  publisher={Springer Science \& Business Media}
}

@article{jianchun1995high,
  title={A high-resolution finite-difference scheme for nonuniform grids},
  author={Jianchun, Liu and Pope, Gary A and Sepehrnoori, Kamy},
  journal={Applied Mathematical Modelling},
  volume={19},
  number={3},
  pages={162--172},
  year={1995},
  publisher={Elsevier}
}

@article{goldstein1982finite,
  title={The finite element method with non-uniform mesh sizes applied to the exterior Helmholtz problem},
  author={Goldstein, C.I.},
  journal={Numerische Mathematik},
  volume={38},
  number={1},
  pages={61--82},
  year={1982},
  publisher={Springer}
}

@article{agrawal1980nonuniform,
  title={Nonuniform grid generation for boundary-layer problems},
  author={Agrawal, A.K. and Peckover, R.S.},
  journal={Computer Physics Communications},
  volume={19},
  number={2},
  pages={171--178},
  year={1980},
  publisher={Elsevier}
}

@book{higham2002accuracy,
  title={Accuracy and stability of numerical algorithms},
  author={Higham, Nicholas J},
  year={2002},
  publisher={SIAM}
}

@book{morton2005numerical,
  title={Numerical Solution of Partial Differential Equations: An Introduction},
  author={Morton, K.W. and Mayers, D.F.},
  isbn={9781139443203},
  year={2005},
  publisher={Cambridge University Press}
}

@article{peaceman1955numerical,
  title={The numerical solution of parabolic and elliptic differential equations},
  author={Peaceman, Donald W. and Rachford, Jr, Henry H.},
  journal={Journal of the Society for Industrial and Applied Mathematics},
  volume={3},
  number={1},
  pages={28--41},
  year={1955},
  publisher={SIAM}
}

@article{fazio2014finite,
  title={Finite difference schemes on quasi-uniform grids for {BVPs} on infinite intervals},
  author={Fazio, Riccardo and Jannelli, Alessandra},
  journal={Journal of Computational and Applied Mathematics},
  volume={269},
  pages={14--23},
  year={2014},
  publisher={Elsevier}
}

@article{goldstein1981finite,
  title={The finite element method with nonuniform mesh sizes for unbounded domains},
  author={Goldstein, C.I.},
  journal={Mathematics of Computation},
  volume={36},
  number={154},
  pages={387--404},
  year={1981}
}

@article{jannelli2006adaptive,
  title={Adaptive stiff solvers at low accuracy and complexity},
  author={Jannelli, Alessandra and Fazio, Riccardo},
  journal={Journal of Computational and Applied Mathematics},
  volume={191},
  number={2},
  pages={246--258},
  year={2006},
  publisher={Elsevier}
}

@article{becker2000adaptive,
  title={ {Adaptive finite element methods for optimal control of partial differential equations: Basic concept} },
  author={Becker, Roland and Kapp, Hartmut and Rannacher, Rolf},
  journal={SIAM Journal on Control and Optimization},
  volume={39},
  number={1},
  pages={113--132},
  year={2000},
  publisher={SIAM}
}

@article{turkel1986accuracy,
  title={Accuracy of schemes with nonuniform meshes for compressible fluid flows},
  author={Turkel, Eli},
  journal={Applied Numerical Mathematics},
  volume={2},
  number={6},
  pages={529--550},
  year={1986},
  publisher={Elsevier}
}



@article{fazio2018finite,
  title={A finite difference method on non-uniform meshes for time-fractional advection--diffusion equations with a source term},
  author={Fazio, Riccardo and Jannelli, Alessandra and Agreste, Santa},
  journal={Applied Sciences},
  volume={8},
  number={6},
  pages={960},
  year={2018},
  publisher={Multidisciplinary Digital Publishing Institute}
}


@article{gamet1999compact,
  title={ {Compact finite difference schemes on non-uniform meshes. Application to direct numerical simulations of compressible flows} },
  author={Gamet, L and Ducros, F and Nicoud, Franck and Poinsot, Thierry},
  journal={International Journal for Numerical Methods in Fluids},
  volume={29},
  number={2},
  pages={159--191},
  year={1999},
  publisher={Wiley Online Library}
}

@article{caendish1985apporach,
  title={An apporach to automatic three-dimensional finite element mesh generation},
  author={Caendish, James C. and Field, David A. and Frey, William H.},
  journal={International Journal for Numerical Methods in Engineering},
  volume={21},
  number={2},
  pages={329--347},
  year={1985},
  publisher={Wiley Online Library}
}

@article{geuzaine2009gmsh,
  title={ {Gmsh: A 3-D finite element mesh generator with built-in pre- and post-processing facilities} },
  author={Geuzaine, Christophe and Remacle, Jean-Fran{\c{c}}ois},
  journal={International Journal for Numerical Methods in Engineering},
  volume={79},
  number={11},
  pages={1309--1331},
  year={2009},
  publisher={Wiley Online Library}
}

@article{baines2005moving,
  title={A moving mesh finite element algorithm for the adaptive solution of time-dependent partial differential equations with moving boundaries},
  author={Baines, Mike J. and Hubbard, M. E. and Jimack, P. K.},
  journal={Applied Numerical Mathematics},
  volume={54},
  number={3-4},
  pages={450--469},
  year={2005},
  publisher={Elsevier}
}

@article{berger1984adaptive,
  title={Adaptive mesh refinement for hyperbolic partial differential equations},
  author={Berger, Marsha J and Oliger, Joseph},
  journal={Journal of Computational Physics},
  volume={53},
  number={3},
  pages={484--512},
  year={1984},
  publisher={Elsevier}
}

@article{verfurth1994posteriori,
  title={A posteriori error estimation and adaptive mesh-refinement techniques},
  author={Verf{\"u}rth, R{\"u}diger},
  journal={Journal of Computational and Applied Mathematics},
  volume={50},
  number={1-3},
  pages={67--83},
  year={1994},
  publisher={Elsevier}
}

@book{bangerth2013adaptive,
  title={Adaptive finite element methods for differential equations},
  author={Bangerth, Wolfgang and Rannacher, Rolf},
  year={2013},
  publisher={Birkh\"{a}user}
}


%1
@article{bard1989scanning,
  title={ {Scanning electrochemical microscopy. Introduction and principles} },
  author={Bard, Allen J. and Fan, Fu Ren F. and Kwak, Juhyoun and Lev, Ovadia},
  journal={Analytical Chemistry},
  volume={61},
  number={2},
  pages={132--138},
  year={1989},
  publisher={ACS Publications}
}

%2
@article{pierce1992scanning,
  title={ {Scanning electrochemical microscopy. 17. Studies of enzyme-mediator kinetics for membrane- and surface-immobilized glucose oxidase} },
  author={Pierce, David T. and Unwin, Patrick R. and Bard, Allen J.},
  journal={Analytical Chemistry},
  volume={64},
  number={17},
  pages={1795--1804},
  year={1992},
  publisher={ACS Publications}
}

%4
@article{evans2005scanning,
  title={Scanning electrochemical microscopy ({SECM}): localized glucose oxidase immobilization via the direct electrochemical microspotting of polypyrrole--biotin films},
  author={Evans, Stuart A. G. and Brakha, Karine and Billon, Martial and Mailley, Pascal and Denuault, Guy},
  journal={Electrochemistry Communications},
  volume={7},
  number={2},
  pages={135--140},
  year={2005},
  publisher={Elsevier}
}

%7
@article{wilhelm2003analysis,
  title={Analysis of interaction in patterned multienzyme layers by using scanning electrochemical microscopy},
  author={Wilhelm, Thomas and Wittstock, Gunther},
  journal={Angewandte Chemie International Edition},
  volume={42},
  number={20},
  pages={2248--2250},
  year={2003},
  publisher={Wiley Online Library}
}

%9
@article{morkvenaite2015scanning,
  title={Scanning electrochemical impedance microscopy for investigation of glucose oxidase catalyzed reaction},
  author={Morkvenaite-Vilkonciene, I. and Genys, P. and Ramanaviciene, A. and Ramanavicius, A.},
  journal={Colloids and Surfaces B: Biointerfaces},
  volume={126},
  pages={598--602},
  year={2015},
  publisher={Elsevier}
}


%10
@article{teranishi2011analysis,
  title={Analysis of Kinetics of Oxygen Reduction Reaction in Alkaline Solution by Scanning Electrochemical Microscopy},
  author={Teranishi, Rie and Higuchi, Eiji and Chiku, Masanobu and Inoue, Hiroshi},
  journal={Ecs Transactions},
  volume={41},
  number={1},
  pages={2179--2184},
  year={2011},
  publisher={The Electrochemical Society}
}

%11
@article{wittstock2007scanning,
  title={Scanning electrochemical microscopy for direct imaging of reaction rates},
  author={Wittstock, Gunther and Burchardt, Malte and Pust, Sascha E and Shen, Yan and Zhao, Chuan},
  journal={Angewandte Chemie International Edition},
  volume={46},
  number={10},
  pages={1584--1617},
  year={2007},
  publisher={Wiley Online Library}
}

%12
@article{fernandez2003scanning,
  title={Scanning electrochemical microscopy. 47. {Imaging} electrocatalytic activity for oxygen reduction in an acidic medium by the tip generation-substrate collection mode},
  author={Fernandez, Jose L. and Bard, Allen J.},
  journal={Analytical Chemistry},
  volume={75},
  number={13},
  pages={2967--2974},
  year={2003},
  publisher={ACS Publications}
}

%13
@article{ye2011screening,
  title={Screening of electrocatalysts for photoelectrochemical water oxidation on {W-doped} \ce{BiVO4} photocatalysts by scanning electrochemical microscopy},
  author={Ye, Heechang and Park, Hyun S. and Bard, Allen J.},
  journal={The Journal of Physical Chemistry C},
  volume={115},
  number={25},
  pages={12464--12470},
  year={2011},
  publisher={ACS Publications}
}

%15
@article{guadagnini2009visualization,
  title={ {Visualization of electrocatalytic activity of microstructured metal hexacyanoferrates by means of redox competition mode of scanning electrochemical microscopy (RC-SECM)} },
  author={Guadagnini, Lorella and Maljusch, Artjom and Chen, Xingxing and Neugebauer, Sebastian and Tonelli, Domenica and Schuhmann, Wolfgang},
  journal={Electrochimica Acta},
  volume={54},
  number={14},
  pages={3753--3758},
  year={2009},
  publisher={Elsevier}
}


%16
@article{yasukawa2007enzyme,
  title={Enzyme immunosensing of pepsinogens 1 and 2 by scanning electrochemical microscopy},
  author={Yasukawa, Tomoyuki and Hirano, Yu and Motochi, Naomi and Shiku, Hitoshi and Matsue, Tomokazu},
  journal={Biosensors and Bioelectronics},
  volume={22},
  number={12},
  pages={3099--3104},
  year={2007},
  publisher={Elsevier}
}

%17
@article{zhao2005scanning,
  title={ {Scanning electrochemical microscopy for detection of biosensor and biochip surfaces with immobilized pyrroloquinoline quinone (PQQ)-dependent glucose dehydrogenase as enzyme label} },
  author={Zhao, Chuan and Wittstock, Gunther},
  journal={Biosensors and Bioelectronics},
  volume={20},
  number={7},
  pages={1277--1284},
  year={2005},
  publisher={Elsevier}
}

%18
@article{eckhard2006redox,
  title={ {Redox competition mode of scanning electrochemical microscopy (RC-SECM) for visualisation of local catalytic activity} },
  author={Eckhard, Kathrin and Chen, Xingxing and Turcu, Florin and Schuhmann, Wolfgang},
  journal={Physical Chemistry Chemical Physics},
  volume={8},
  number={45},
  pages={5359--5365},
  year={2006},
  publisher={Royal Society of Chemistry}
}

%19
@article{morkvenaite2014redox,
  title={Redox competition and generation-collection modes based scanning electrochemical microscopy for the evaluation of immobilised glucose oxidase-catalysed reactions},
  author={Morkvenaite-Vilkonciene, I. and Ramanaviciene, A. and Ramanavicius, A.},
  journal={RSC Advances},
  volume={4},
  number={91},
  pages={50064--50069},
  year={2014},
  publisher={Royal Society of Chemistry}
}

%20
@article{karnicka2007visualisation,
  title={ {Visualisation of the local bio-electrocatalytic activity in biofuel cell cathodes by means of redox competition scanning electrochemical microscopy (RC-SECM)} },
  author={Karnicka, Katarzyna and Eckhard, Kathrin and Guschin, Dmitrii A and Stoica, Leonard and Kulesza, Pawel J and Schuhmann, Wolfgang},
  journal={Electrochemistry Communications},
  volume={9},
  number={8},
  pages={1998--2002},
  year={2007},
  publisher={Elsevier}
}

%21
@article{kwak1989scanning,
  title={ {Scanning electrochemical microscopy. Theory of the feedback mode} },
  author={Kwak, Juhyoun and Bard, Allen J.},
  journal={Analytical Chemistry},
  volume={61},
  number={11},
  pages={1221--1227},
  year={1989},
  publisher={ACS Publications}
}

%23
@article{bard1992scanning,
  title={ {Scanning electrochemical microscopy. 12. Theory and experiment of the feedback mode with finite heterogeneous electron-transfer kinetics and arbitrary substrate size} },
  author={Bard, Allen J. and Mirkin, Michael V. and Unwin, Patrick R. and Wipf, David O.},
  journal={The Journal of Physical Chemistry},
  volume={96},
  number={4},
  pages={1861--1868},
  year={1992},
  publisher={ACS Publications}
}

%25
@article{selzer2000scanning,
  title={ {Scanning electrochemical microscopy. Theory of the feedback mode for hemispherical ultramicroelectrodes: Steady-state and transient behavior} },
  author={Selzer, Yoram and Mandler, Daniel},
  journal={Analytical Chemistry},
  volume={72},
  number={11},
  pages={2383--2390},
  year={2000},
  publisher={ACS Publications}
}

%26
@article{sklyar2002numerical,
  title={ {Numerical simulations of complex nonsymmetrical 3D systems for scanning electrochemical microscopy using the boundary element method} },
  author={Sklyar, Oleg and Wittstock, Gunther},
  journal={The Journal of Physical Chemistry B},
  volume={106},
  number={30},
  pages={7499--7508},
  year={2002},
  publisher={ACS Publications}
}

%27
@article{liljeroth2002disk,
  title={ {Disk-generation/ring-collection scanning electrochemical microscopy: theory and application} },
  author={Liljeroth, Peter and Johans, Christoffer and Slevin, Christopher J and Quinn, Bernadette M and Kontturi, Ky{\"o}sti},
  journal={Analytical Chemistry},
  volume={74},
  number={9},
  pages={1972--1978},
  year={2002},
  publisher={ACS Publications}
}

%28
@article{nann2003simulation,
  title={Simulation in electrochemistry using the finite element method part 2: scanning electrochemical microscopy},
  author={Nann, Thomas and Heinze, J{\"u}rgen},
  journal={Electrochimica Acta},
  volume={48},
  number={27},
  pages={3975--3980},
  year={2003},
  publisher={Elsevier}
}

%29
@article{amphlett1998scanning,
  title={ {Scanning electrochemical microscopy (SECM): An investigation of the effects of tip geometry on amperometric tip response} },
  author={Amphlett, Jonathan L. and Denuault, Guy},
  journal={The Journal of Physical Chemistry B},
  volume={102},
  number={49},
  pages={9946--9951},
  year={1998},
  publisher={ACS Publications}
}

%30
@article{sklyar2005numerical,
  title={Numerical Simulation of Scanning Electrochemical Microscopy Experiments with Frame-Shaped Integrated Atomic Force Microscopy-{SECM} Probes Using the Boundary Element Method},
  author={Sklyar, Oleg and Kueng, Angelika and Kranz, Christine and Mizaikoff, Boris and Lugstein, Alois and Bertagnolli, Emmerich and Wittstock, Gunther},
  journal={Analytical Chemistry},
  volume={77},
  number={3},
  pages={764--771},
  year={2005},
  publisher={ACS Publications}
}

%32
@article{martin1997scanning,
  title={Scanning electrochemical microscopy: theory and experiment for the positive feedback mode with unequal diffusion coefficients of the redox mediator couple},
  author={Martin, Rachel D. and Unwin, Patrick R.},
  journal={Journal of Electroanalytical Chemistry},
  volume={439},
  number={1},
  pages={123--136},
  year={1997},
  publisher={Elsevier}
}


%33
@article{nann1999simulation,
  title={ {Simulation in electrochemistry using the finite element method: Part 1: The algorithm} },
  author={Nann, Thomas and Heinze, J{\"u}rgen},
  journal={Electrochemistry Communications},
  volume={1},
  number={7},
  pages={289--294},
  year={1999},
  publisher={Elsevier}
}

%34
@article{qiu2003boundary,
  title={The boundary element method: chronoamperometric simulations at microelectrodes},
  author={Qiu, F. L. and Fisher, Adrian C.},
  journal={Electrochemistry Communications},
  volume={5},
  number={1},
  pages={87--93},
  year={2003},
  publisher={Elsevier}
}

%36
@article{sklyar2003application,
  title={ {Application of the boundary element method numerical simulations for characterization of heptode ultramicroelectrodes in SECM experiments} },
  author={Sklyar, Oleg and Ufheil, Joachim and Heinze, J{\"u}rgen and Wittstock, Gunther},
  journal={Electrochimica Acta},
  volume={49},
  number={1},
  pages={117--128},
  year={2003},
  publisher={Elsevier}
}

%37
@article{cornut2008new,
  title={ {New analytical approximation of feedback approach curves with a microdisk SECM tip and irreversible kinetic reaction at the substrate} },
  author={Cornut, Renaud and Lefrou, Christine},
  journal={Journal of Electroanalytical Chemistry},
  volume={621},
  number={2},
  pages={178--184},
  year={2008},
  publisher={Elsevier}
}


%38
@article{heinze1986electrochemistry,
  title={Electrochemistry at Ultramicroelectrodes—-Simulation of Heterogeneous and Homogeneous Kinetics by an Improved {ADI}-—Technique},
  author={Heinze, J{\"u}rgen and St{\"o}rzbach, Michael},
  journal={Berichte der Bunsengesellschaft f{\"u}r physikalische Chemie},
  volume={90},
  number={11},
  pages={1043--1048},
  year={1986},
  publisher={Wiley Online Library}
}

%39
@article{baronas2003modelling,
  title={Modelling of amperometric biosensors with rough surface of the enzyme membrane},
  author={Baronas, R. and Ivanauskas, F. and Kulys, J. and Sapagovas, M.},
  journal={Journal of Mathematical Chemistry},
  volume={34},
  number={3-4},
  pages={227--242},
  year={2003},
  publisher={Springer}
}

%40
@article{baronas2006computational,
  title={Computational modelling of biosensors with perforated and selective membranes},
  author={Baronas, R. and Kulys, J. and Ivanauskas, F.},
  journal={Journal of Mathematical Chemistry},
  volume={39},
  number={2},
  pages={345--362},
  year={2006},
  publisher={Springer}
}

%41
@article{britz2009further,
  title={Further comparisons of finite difference schemes for computational modelling of biosensors},
  author={Britz, Dieter and Baronas, R. and Gaidamauskait\.{e}, E. and Ivanauskas, F.},
  journal={Nonlinear Analysis: Modelling and Control},
  volume={14},
  number={4},
  pages={419--433},
  year={2009}
}

%43
@article{baronas2003influence,
  title={The influence of the enzyme membrane thickness on the response of amperometric biosensors},
  author={Baronas, Romas and Ivanauskas, Feliksas and Kulys, Juozas},
  journal={Sensors},
  volume={3},
  number={7},
  pages={248--262},
  year={2003},
  publisher={Molecular Diversity Preservation International}
}

%44
@article{baronas2004modelling,
  title={Modelling amperometric enzyme electrode with substrate cyclic conversion},
  author={Baronas, Romas and Kulys, Juozas and Ivanauskas, Feliksas},
  journal={Biosensors and Bioelectronics},
  volume={19},
  number={8},
  pages={915--922},
  year={2004},
  publisher={Elsevier}
}


%46
@book{baronas2009mathematical,
  title={ Mathematical modeling of biosensors: An introduction for chemists and mathematicians },
  author={Baronas, Romas and Ivanauskas, Feliksas and Kulys, Juozas},
  volume={9},
  year={2009},
  publisher={Springer Science \& Business Media}
}

%47
@article{ungerbock2013online,
  title={Online oxygen measurements inside a microreactor with modeling of transport phenomena},
  author={Ungerb{\"o}ck, Birgit and Pohar, Andrej and Mayr, Torsten and Plazl, Igor},
  journal={Microfluidics and Nanofluidics},
  volume={14},
  number={3-4},
  pages={565--574},
  year={2013},
  publisher={Springer}
}

%48
@article{bright1967oxidation,
  title={The oxidation of 1-deuterated glucose by glucose oxidase},
  author={Bright, Harold J. and Gibson, Quentin H.},
  journal={Journal of Biological Chemistry},
  volume={242},
  number={5},
  pages={994--1003},
  year={1967},
  publisher={ASBMB}
}

%49
@article{leskovac2005glucose,
  title={Glucose oxidase from \textit{Aspergillus niger}: the mechanism of action with molecular oxygen, quinones, and one-electron acceptors},
  author={Leskovac, V. and Trivi{\'c}, S. and Wohlfahrt, G. and Kandra{\v{c}}, J. and Peri{\v{c}}in, D.},
  journal={The International Journal of Biochemistry \& Cell Biology},
  volume={37},
  number={4},
  pages={731--750},
  year={2005},
  publisher={Elsevier}
}

%50
@article{gibson1964kinetics,
  title={Kinetics and mechanism of action of glucose oxidase},
  author={Gibson, Quentin H. and Swoboda, Bennett E. P. and Massey, Vincent},
  journal={Journal of Biological Chemistry},
  volume={239},
  number={11},
  pages={3927--3934},
  year={1964},
  publisher={ASBMB}
}

%51
@article{laforge2008physicochemical,
  title={Physicochemical applications of scanning electrochemical microscopy},
  author={Laforge, Francois O. and Sun, Peng and Mirkin, Michael V.},
  journal={Advances in Chemical Physics},
  volume={139},
  pages={177--244},
  year={2008},
  publisher={Wiley Online Library}
}

@article{martin1998theory,
  title={ {Theory and experiment for the substrate generation/tip collection mode of the scanning electrochemical microscope: Application as an approach for measuring the diffusion coefficient ratio of a redox couple} },
  author={Martin, Rachel D. and Unwin, Patrick R.},
  journal={Analytical Chemistry},
  volume={70},
  number={2},
  pages={276--284},
  year={1998},
  publisher={ACS Publications}
}

@article{jamnongwong2010experimental,
  title={ {Experimental study of oxygen diffusion coefficients in clean water containing salt, glucose or surfactant: Consequences on the liquid-side mass transfer coefficients} },
  author={Jamnongwong, Marupatch and Loubiere, Karine and Dietrich, Nicolas and H{\'e}brard, Gilles},
  journal={Chemical Engineering Journal},
  volume={165},
  number={3},
  pages={758--768},
  year={2010},
  publisher={Elsevier}
}

@book{bard2012scanning,
  title={Scanning electrochemical microscopy},
  author={Bard, Allen J. and Mirkin, Michael V.},
  year={2012},
  publisher={CRC Press}
}

@article{smotkin1991dioxygen,
  title={Dioxygen solubility in aqueous phosphatidylcholine dispersions},
  author={Smotkin, E. S. and Moy, F. T. and Plachy, W. Z.},
  journal={Biochimica et Biophysica Acta (BBA)-Biomembranes},
  volume={1061},
  number={1},
  pages={33--38},
  year={1991},
  publisher={Elsevier}
}
