%List of only author's publications
% URL used when you do not have DOI,
@book{demoAuthorBook,
  title={Title of the book - knygos pavadinimas},
  author={Vardas, Pavardė and Kitas, Autorius},  
  year={2024},
  publisher={CRC Press},
  pages={1-100},
  DOI = {10.1021/0000000},
}

@article{demoAuthorArticle,
  title={Title of the paper - straipsnio pavadinimas},
  author={Vardas, Pavardė and Kitas, Autorius},
  journal={Biochimica et Biophysica Acta (BBA)-Biomembranes},
  volume={1061},
  number={1},
  pages={33--38},
  year={2024},
  publisher={Elsevier},
  DOI = {10.1021/0000000},
  url={https://www.mii.lt}
}